<marcxml:record xmlns:marcxml="http://www.loc.gov/MARC21/slim" xmlns:mets="http://www.loc.gov/METS/" xmlns:bf="http://id.loc.gov/ontologies/bibframe/" xmlns:bflc="http://id.loc.gov/ontologies/bflc/" xmlns:madsrdf="http://www.loc.gov/mads/rdf/v1#" xmlns:rdf="http://www.w3.org/1999/02/22-rdf-syntax-ns#" xmlns:ri="http://id.loc.gov/ontologies/RecordInfo#" xmlns:idx="info:lc/xq-modules/lcindex" xmlns:semtriples="http://marklogic.com/semantic" xmlns:xsi="http://www.w3.org/2001/XMLSchema-instance" xmlns:xlink="http://www.w3.org/1999/xlink" xmlns:streams="info:lc/streams#">
  <marcxml:leader>02627cam a2200517 i 4500</marcxml:leader>
  <marcxml:controlfield tag="001">20702716</marcxml:controlfield>
  <marcxml:controlfield tag="005">20190110124519.0</marcxml:controlfield>
  <marcxml:controlfield tag="008">181011s2018    nyu    j      000 1 eng d</marcxml:controlfield>
  <marcxml:datafield tag="906" ind1=" " ind2=" ">
    <marcxml:subfield code="a">7</marcxml:subfield>
    <marcxml:subfield code="b">cbc</marcxml:subfield>
    <marcxml:subfield code="c">copycat</marcxml:subfield>
    <marcxml:subfield code="d">2</marcxml:subfield>
    <marcxml:subfield code="e">ncip</marcxml:subfield>
    <marcxml:subfield code="f">20</marcxml:subfield>
    <marcxml:subfield code="g">y-gencatlg</marcxml:subfield>
  </marcxml:datafield>
  <marcxml:datafield tag="955" ind1=" " ind2=" ">
    <marcxml:subfield code="b">xk58 2018-10-11 z-processor</marcxml:subfield>
    <marcxml:subfield code="i">xk12 2019-01-10 (telework) c. 1 to CALM</marcxml:subfield>
  </marcxml:datafield>
  <marcxml:datafield tag="010" ind1=" " ind2=" ">
    <marcxml:subfield code="a">  2018080225</marcxml:subfield>
  </marcxml:datafield>
  <marcxml:datafield tag="020" ind1=" " ind2=" ">
    <marcxml:subfield code="a">0062422677</marcxml:subfield>
  </marcxml:datafield>
  <marcxml:datafield tag="020" ind1=" " ind2=" ">
    <marcxml:subfield code="a">9780062422675 (hbk.)</marcxml:subfield>
  </marcxml:datafield>
  <marcxml:datafield tag="035" ind1=" " ind2=" ">
    <marcxml:subfield code="a">(OCoLC)on1001322543</marcxml:subfield>
  </marcxml:datafield>
  <marcxml:datafield tag="037" ind1=" " ind2=" ">
    <marcxml:subfield code="b">Harpercollins Childrens Books, Attn Elaine Nealon 53 Glenmaura National Blvd Ste 300, Moosaic, PA, USA, 18507-2132</marcxml:subfield>
    <marcxml:subfield code="n">SAN 200-2086</marcxml:subfield>
  </marcxml:datafield>
  <marcxml:datafield tag="040" ind1=" " ind2=" ">
    <marcxml:subfield code="a">YDX</marcxml:subfield>
    <marcxml:subfield code="b">eng</marcxml:subfield>
    <marcxml:subfield code="c">YDX</marcxml:subfield>
    <marcxml:subfield code="e">rda</marcxml:subfield>
    <marcxml:subfield code="d">ORK</marcxml:subfield>
    <marcxml:subfield code="d">BLP</marcxml:subfield>
    <marcxml:subfield code="d">MCT</marcxml:subfield>
    <marcxml:subfield code="d">TCH</marcxml:subfield>
    <marcxml:subfield code="d">OCLCO</marcxml:subfield>
    <marcxml:subfield code="d">UAB</marcxml:subfield>
    <marcxml:subfield code="d">ILC</marcxml:subfield>
    <marcxml:subfield code="d">VP@</marcxml:subfield>
    <marcxml:subfield code="d">EHH</marcxml:subfield>
    <marcxml:subfield code="d">CCE</marcxml:subfield>
    <marcxml:subfield code="d">TXMAL</marcxml:subfield>
    <marcxml:subfield code="d">CGP</marcxml:subfield>
    <marcxml:subfield code="d">FSP</marcxml:subfield>
    <marcxml:subfield code="d">OCLCO</marcxml:subfield>
    <marcxml:subfield code="d">OCLCF</marcxml:subfield>
    <marcxml:subfield code="d">GPM</marcxml:subfield>
    <marcxml:subfield code="d">DLC</marcxml:subfield>
  </marcxml:datafield>
  <marcxml:datafield tag="042" ind1=" " ind2=" ">
    <marcxml:subfield code="a">lccopycat</marcxml:subfield>
  </marcxml:datafield>
  <marcxml:datafield tag="050" ind1="0" ind2="0">
    <marcxml:subfield code="a">PZ7.1.J353</marcxml:subfield>
    <marcxml:subfield code="b">Mo 2018</marcxml:subfield>
  </marcxml:datafield>
  <marcxml:datafield tag="082" ind1="0" ind2="4">
    <marcxml:subfield code="a">[Fic]</marcxml:subfield>
    <marcxml:subfield code="2">23</marcxml:subfield>
  </marcxml:datafield>
  <marcxml:datafield tag="100" ind1="1" ind2=" ">
    <marcxml:subfield code="a">Jackson, Tiffany D.,</marcxml:subfield>
    <marcxml:subfield code="e">author.</marcxml:subfield>
  </marcxml:datafield>
  <marcxml:datafield tag="245" ind1="1" ind2="0">
    <marcxml:subfield code="a">Monday's not coming :</marcxml:subfield>
    <marcxml:subfield code="b">a novel /</marcxml:subfield>
    <marcxml:subfield code="c">by Tiffany D. Jackson.</marcxml:subfield>
  </marcxml:datafield>
  <marcxml:datafield tag="246" ind1="3" ind2=" ">
    <marcxml:subfield code="a">Monday is not coming</marcxml:subfield>
  </marcxml:datafield>
  <marcxml:datafield tag="250" ind1=" " ind2=" ">
    <marcxml:subfield code="a">First Edition.</marcxml:subfield>
  </marcxml:datafield>
  <marcxml:datafield tag="264" ind1=" " ind2="1">
    <marcxml:subfield code="a">New York, NY :</marcxml:subfield>
    <marcxml:subfield code="b">Katherine Tegen Books, an imprint of HarperCollinsPublishers,</marcxml:subfield>
    <marcxml:subfield code="c">[2018]</marcxml:subfield>
  </marcxml:datafield>
  <marcxml:datafield tag="300" ind1=" " ind2=" ">
    <marcxml:subfield code="a">435 pages ;</marcxml:subfield>
    <marcxml:subfield code="c">22 cm</marcxml:subfield>
  </marcxml:datafield>
  <marcxml:datafield tag="336" ind1=" " ind2=" ">
    <marcxml:subfield code="a">text</marcxml:subfield>
    <marcxml:subfield code="b">txt</marcxml:subfield>
    <marcxml:subfield code="2">rdacontent</marcxml:subfield>
  </marcxml:datafield>
  <marcxml:datafield tag="337" ind1=" " ind2=" ">
    <marcxml:subfield code="a">unmediated</marcxml:subfield>
    <marcxml:subfield code="b">n</marcxml:subfield>
    <marcxml:subfield code="2">rdamedia</marcxml:subfield>
  </marcxml:datafield>
  <marcxml:datafield tag="338" ind1=" " ind2=" ">
    <marcxml:subfield code="a">volume</marcxml:subfield>
    <marcxml:subfield code="b">nc</marcxml:subfield>
    <marcxml:subfield code="2">rdacarrier</marcxml:subfield>
  </marcxml:datafield>
  <marcxml:datafield tag="520" ind1=" " ind2=" ">
    <marcxml:subfield code="a">When her friend Monday Charles goes missing and Monday's mother refuses to give her a straight answer, Claudia digs into her disappearance.</marcxml:subfield>
  </marcxml:datafield>
  <marcxml:datafield tag="520" ind1=" " ind2=" ">
    <marcxml:subfield code="a">Monday Charles is missing, and Claudia seems to be the one person who notices. They've always been inseparable, and when Monday doesn't show up for school for two weeks, Claudia knows that something is wrong. Monday's mother refuses to give Claudia a straight answer, and her sister April is even less help. How can a teenage girl just vanish without anyone noticing that she's gone?</marcxml:subfield>
  </marcxml:datafield>
  <marcxml:datafield tag="650" ind1=" " ind2="0">
    <marcxml:subfield code="a">African American teenagers</marcxml:subfield>
    <marcxml:subfield code="v">Juvenile Fiction.</marcxml:subfield>
  </marcxml:datafield>
  <marcxml:datafield tag="650" ind1=" " ind2="0">
    <marcxml:subfield code="a">Missing persons</marcxml:subfield>
    <marcxml:subfield code="v">Juvenile fiction.</marcxml:subfield>
  </marcxml:datafield>
  <marcxml:datafield tag="650" ind1=" " ind2="0">
    <marcxml:subfield code="a">Friendship</marcxml:subfield>
    <marcxml:subfield code="v">Juvenile fiction.</marcxml:subfield>
  </marcxml:datafield>
  <marcxml:datafield tag="650" ind1=" " ind2="0">
    <marcxml:subfield code="a">High school students</marcxml:subfield>
    <marcxml:subfield code="v">Juvenile fiction.</marcxml:subfield>
  </marcxml:datafield>
  <marcxml:datafield tag="650" ind1=" " ind2="0">
    <marcxml:subfield code="a">Secrecy</marcxml:subfield>
    <marcxml:subfield code="v">Juvenile fiction.</marcxml:subfield>
  </marcxml:datafield>
  <marcxml:datafield tag="650" ind1=" " ind2="1">
    <marcxml:subfield code="a">Missing persons</marcxml:subfield>
    <marcxml:subfield code="v">Juvenile Fiction.</marcxml:subfield>
  </marcxml:datafield>
  <marcxml:datafield tag="650" ind1=" " ind2="1">
    <marcxml:subfield code="a">Friendship</marcxml:subfield>
    <marcxml:subfield code="v">Juvenile Fiction.</marcxml:subfield>
  </marcxml:datafield>
  <marcxml:datafield tag="650" ind1=" " ind2="1">
    <marcxml:subfield code="a">High school students</marcxml:subfield>
    <marcxml:subfield code="v">Juvenile Fiction.</marcxml:subfield>
  </marcxml:datafield>
  <marcxml:datafield tag="650" ind1=" " ind2="1">
    <marcxml:subfield code="a">Mystery and detective stories</marcxml:subfield>
    <marcxml:subfield code="v">Juvenile Fiction.</marcxml:subfield>
  </marcxml:datafield>
  <marcxml:datafield tag="650" ind1=" " ind2="7">
    <marcxml:subfield code="a">Best friends.</marcxml:subfield>
    <marcxml:subfield code="2">fast</marcxml:subfield>
    <marcxml:subfield code="0">(OCoLC)fst00830870</marcxml:subfield>
  </marcxml:datafield>
  <marcxml:datafield tag="650" ind1=" " ind2="7">
    <marcxml:subfield code="a">High school students.</marcxml:subfield>
    <marcxml:subfield code="2">fast</marcxml:subfield>
    <marcxml:subfield code="0">(OCoLC)fst00956174</marcxml:subfield>
  </marcxml:datafield>
  <marcxml:datafield tag="650" ind1=" " ind2="7">
    <marcxml:subfield code="a">Missing persons.</marcxml:subfield>
    <marcxml:subfield code="2">fast</marcxml:subfield>
    <marcxml:subfield code="0">(OCoLC)fst01023702</marcxml:subfield>
  </marcxml:datafield>
  <marcxml:datafield tag="650" ind1=" " ind2="7">
    <marcxml:subfield code="a">Secrecy.</marcxml:subfield>
    <marcxml:subfield code="2">fast</marcxml:subfield>
    <marcxml:subfield code="0">(OCoLC)fst01110644</marcxml:subfield>
  </marcxml:datafield>
  <marcxml:datafield tag="655" ind1=" " ind2="7">
    <marcxml:subfield code="a">Fiction.</marcxml:subfield>
    <marcxml:subfield code="2">fast</marcxml:subfield>
    <marcxml:subfield code="0">(OCoLC)fst01423787</marcxml:subfield>
  </marcxml:datafield>
  <marcxml:datafield tag="655" ind1=" " ind2="7">
    <marcxml:subfield code="a">Juvenile works.</marcxml:subfield>
    <marcxml:subfield code="2">fast</marcxml:subfield>
    <marcxml:subfield code="0">(OCoLC)fst01411637</marcxml:subfield>
  </marcxml:datafield>
  <marcxml:datafield tag="655" ind1=" " ind2="7">
    <marcxml:subfield code="a">Detective and mystery fiction.</marcxml:subfield>
    <marcxml:subfield code="2">lcgft</marcxml:subfield>
  </marcxml:datafield>
</marcxml:record>
